<record><leader>00000cas a22000007a 4500</leader><controlfield tag="001">16897174</controlfield><controlfield tag="008">871026d19751976aluwr ne      0    0eng d</controlfield><datafield ind1=" " ind2=" " tag="010"><subfield code="a">sn 87050334 </subfield></datafield><datafield ind1=" " ind2=" " tag="040"><subfield code="a">AAR</subfield><subfield code="b">eng</subfield><subfield code="c">AAR</subfield><subfield code="d">CPN</subfield><subfield code="d">OCLCQ</subfield></datafield><datafield ind1=" " ind2=" " tag="042"><subfield code="a">msc</subfield></datafield><datafield ind1="0" ind2="4" tag="245"><subfield code="a">The Shelby news-monitor.</subfield></datafield><datafield ind1=" " ind2=" " tag="260"><subfield code="a">Montevallo, Ala. :</subfield><subfield code="b">Montevallo Pub. Co.,</subfield><subfield code="c">1975-1976.</subfield></datafield><datafield ind1=" " ind2=" " tag="300"><subfield code="a">v.</subfield></datafield><datafield ind1=" " ind2=" " tag="310"><subfield code="a">Weekly</subfield></datafield><datafield ind1="0" ind2=" " tag="362"><subfield code="a">Vol. 3, no. 5 (July 17, 1975)-v. 4, no. 27 (Dec. 16, 1976).</subfield></datafield><datafield ind1=" " ind2=" " tag="752"><subfield code="a">United States</subfield><subfield code="b">Alabama</subfield><subfield code="c">Shelby</subfield><subfield code="d">Montevallo.</subfield></datafield><datafield ind1="0" ind2="0" tag="780"><subfield code="t">Montevallo monitor</subfield><subfield code="w">(DLC)sn 87050333</subfield></datafield><datafield ind1="0" ind2="7" tag="785"><subfield code="t">Shelby County advertiser</subfield><subfield code="w">(DLC)sn 87050335</subfield></datafield><datafield ind1="0" ind2="7" tag="785"><subfield code="t">Shelby County news</subfield><subfield code="w">(DLC)sn 87050336</subfield></datafield></record>